<?xml version="1.0" encoding="UTF-8"?><collection xmlns="http://www.loc.gov/MARC21/slim"><record><leader>00673nam--2200217-u-4500</leader><controlfield tag="001">000050516</controlfield><controlfield tag="002">20161230</controlfield><controlfield tag="003">82013</controlfield><controlfield tag="005">20161230201048</controlfield><controlfield tag="008">070907s1000------------r-----000-0-eng-d</controlfield><datafield ind1=" " ind2=" " tag="040"><subfield code="a">IFIN-HH</subfield></datafield><datafield ind1=" " ind2=" " tag="080"><subfield code="a">530.145:538.91:537.633</subfield></datafield><datafield ind1="1" ind2="0" tag="100"><subfield code="a">Jacak, L</subfield></datafield><datafield ind1="1" ind2="0" tag="245"><subfield code="a">Quantum Hall Systems</subfield><subfield code="b">Braid Groups, composite fermions and fractional charge</subfield><subfield code="c">L. Jacak; Pioter Sitko; Konrad Wieczorek; Arkadiusz Wojs</subfield></datafield><datafield ind1=" " ind2=" " tag="260"><subfield code="a">Oxford</subfield><subfield code="b">University Press</subfield><subfield code="c">2003</subfield></datafield><datafield ind1=" " ind2=" " tag="300"><subfield code="a">145 p</subfield></datafield><datafield ind1=" " ind2=" " tag="490"><subfield code="a">The International Series of Monograaphs on Physics</subfield></datafield><datafield ind1=" " ind2="4" tag="650"><subfield code="a">Probabilistic Metheds</subfield></datafield><datafield ind1="1" ind2=" " tag="700"><subfield code="a">Wojs, Arkadiusz</subfield></datafield><datafield ind1=" " ind2=" " tag="852"><subfield code="c">530.14</subfield></datafield><datafield ind1=" " ind2=" " tag="CAT"><subfield code="a">Sys</subfield><subfield code="c">20110329</subfield><subfield code="h">140120</subfield></datafield></record></collection>